@online{AWSAs,
  author = {Amazon Web Services Inc.},
  title = {Auto Scaling},
  year = 2017,
  url = {http://web.archive.org/web/20171127225615/https://aws.amazon.com/autoscaling/},
  urldate = {2017-12-31}
}

@online{webStats,
  author = {Miniwatts Marketing Group},
  title = {World Internet Users and 2017 Population Stats},
  year = 2017,
  url = {http://web.archive.org/web/20171226094500/http://www.internetworldstats.com/stats.htm},
  urldate = {2017-12-31}
}

@article{ipfsWP,
  author    = {Juan Benet},
  title     = {{IPFS} - Content Addressed, Versioned, {P2P} File System},
  journal   = {CoRR},
  year      = {2014},
  url       = {http://arxiv.org/abs/1407.3561},
  archivePrefix = {arXiv},
  timestamp = {Wed, 07 Jun 2017 14:40:21 +0200},
  biburl    = {http://dblp.org/rec/bib/journals/corr/Benet14},
  bibsource = {dblp computer science bibliography, http://dblp.org}
}

@article{moore1998cramming,
  title={Cramming more components onto integrated circuits},
  author={Moore, Gordon E},
  journal={Proceedings of the IEEE},
  volume={86},
  number={1},
  year={1998},
  publisher={IEEE}
}

@InProceedings{concurrencyGo,
  author        = {Rob Pike},
  title         = {Concurrency is not Parallelism},
  month         = {January},
  year          = {2012},
  biburl        = {https://talks.golang.org/2012/waza.slide},
}

@InProceedings{parallelAlgo,
  author        = {James Gain, Michelle Kuttel, Sebastian Wyngaard, Simon Perkins and Jason Brownbridge},
  title         = {Parallel Algorithms},
  month         = {May},
  year          = {2011},
  biburl        = {https://people.cs.uct.ac.za/~jgain/lectures/Algorithms.pdf},
}

@article{ram2013git,
  title={Git can facilitate greater reproducibility and increased transparency in science},
  author={Ram, Karthik},
  journal={Source code for biology and medicine},
  volume={8},
  number={1},
  pages={7},
  year={2013},
  publisher={BioMed Central}
}

@article{measuringNapsterGnutella,
  title={Measuring and analyzing the characteristics of Napster and Gnutella hosts},
  author={Saroiu, Stefan and Gummadi, Krishna P and Gribble, Steven D},
  journal={Multimedia systems},
  volume={9},
  number={2},
  pages={170--184},
  year={2003},
  publisher={Springer}
}

@phdthesis{searchingInSmallWorld,
  title={Searching in a Small World},
  author={Oskar Sandberg},
  school={Göteborg University},
  year={2005}
}

@online{googleipv6,
  author = {Google Inc.},
  title = {IPv6 Statistics},
  year = 2017,
  url = {http://web.archive.org/web/20171220144243/https://www.google.com/intl/en/ipv6/statistics.html},
  urldate = {2017-12-31}
}

@online{libp2p-specs,
  author = {Protocol Labs Inc.},
  title = {The spec for libp2p and associated submodules.},
  url = {https://github.com/libp2p/specs},
  urldate = {2017-12-31}
} 

@online{chromeStats,
  author = {StatCounter},
  title = {Desktop Browser Market Share Worldwide},
  url={http://web.archive.org/web/20171226043756/http://gs.statcounter.com/browser-market-share/desktop/worldwide},
  urldate = {2017-12-31}
}

@online{webWorkers,
  author = {Mozilla},
  title = {Web Workers API},
  url={http://web.archive.org/web/20180105105400/https://developer.mozilla.org/pl/docs/Web/API/Web_Workers_API},
  urldate = {2018-01-05}
}

@online{eventLoop,
  author = {Mozilla},
  title = {Model współbieżności i Event Loop},
  url={http://web.archive.org/web/20170913075430/https://developer.mozilla.org/pl/docs/Web/JavaScript/EventLoop},
  urldate = {2018-01-05}
}

@online{nodeStreamApi,
  author = {Node.js},
  title = {Node.js v9.3.0 Documentation. Stream},
  url = {https://nodejs.org/api/stream.html},
  urldate={2018-01-05}
}

@online{discoverylibp2p,
  author = {Protocol Labs Inc.},
  title = {Peer Discovery Mechanisms},
  url = {https://github.com/libp2p/js-libp2p/tree/master/examples/discovery-mechanisms},
  urldate = {2017-12-31}
}

@online{libp2pReadme,
author = {Protocol Labs Inc.},
  title = {The JavaScript implementation of the libp2p Networking Stack. README.md},
  url = {https://github.com/libp2p/js-libp2p/blob/f8b441fff5bb5f5403c6e0af32511ed5f0bf2e80/README.md},
  urldate = {2018-01-05}
}

@online{webRequestAPI,
  author = {Google Inc.},
  title = {chrome.webRequest API},
  url = {http://web.archive.org/web/20171211075837/https://developer.chrome.com/extensions/webRequest},
  urldate = {2018-01-05}

}

@Book{Lam92,
author = {Lamport, L.},
title = {LaTeX system przygotowywania dokumentów},
publisher = {Wydawnictwo Ariel},
year = {1992},
address = {Kraków},

langid = {polish},
}

@Book{Dil00,
author = {Diller, A.},
title = {LaTeX wiersz po wierszu},
publisher = {Wydawnictwo Helion},
year = {2000},
address = {Gliwice},

langid = {polish},
}


@Manual{ARM06,
title = {Ada Reference Manual {ISO}/{IEC} 8652:200y({E}) {E}d. 3},
organization = {Ada Europe},
year = {2006}
}

@Article{BuDo03,
author = {Burns, A. and Dobbing, B.},
title = {The {R}avenscar {P}rofile for Real--Time and High Integrity Systems},
journal = {Cross{T}alk},
year = {2003},
volume = {16},
number = {11},
pages = {9--12}
}



@InProceedings{PeDa04,
author = {Peleska, J. and Große, D. and Haxthausen, A. E. and Drechsler, R.},
title = {Automated Verification for Train Control Systems},
booktitle = {Proc. of the 5th Symposium on Formal Methods for Automation and Safety in Railway and Automotive Systems (FORMS/FORMAT 2004)},
year = {2004},
pages = {252--265},
address = {Braunschweig, Germany},
month = {December}
}

@TechReport{BuDoVa03,
author = {Burns, A. and Dobbing, B. and Vardanega, T.},
title = {Guide for the Use of the Ada Ravenscar Profile in High Integrity Systems},
institution = {University of York},
year = {2003},
number = {YCS-2003-348}
}



@manual{Alvis2011,
	organization = {AGH University of Science and Technology},
	year = {2011},
	title = {{On Line Alvis Manual}},
	note = {\\\texttt{http://fm.ia.agh.edu.pl/alvis:manual}},
	author = {Szpyrka, M.},

	langid = {english},
}
